<record><leader>00000cas a22000007a 4500</leader><controlfield tag="001">15028185</controlfield><controlfield tag="008">861231d18781881inuwr ne      0    0eng d</controlfield><datafield ind1=" " ind2=" " tag="010"><subfield code="a">sn 87055012 </subfield></datafield><datafield ind1=" " ind2=" " tag="040"><subfield code="a">NPI</subfield><subfield code="b">eng</subfield><subfield code="c">NPI</subfield><subfield code="d">OCLCQ</subfield></datafield><datafield ind1=" " ind2=" " tag="042"><subfield code="a">msc</subfield></datafield><datafield ind1="0" ind2="4" tag="245"><subfield code="a">The Dollar press.</subfield></datafield><datafield ind1=" " ind2=" " tag="260"><subfield code="a">Greencastle, Ind. :</subfield><subfield code="b">Howard Briggs,</subfield><subfield code="c">1878-1881.</subfield></datafield><datafield ind1=" " ind2=" " tag="310"><subfield code="a">Weekly</subfield></datafield><datafield ind1="0" ind2=" " tag="362"><subfield code="a">Vol. 21, no. 34 (Dec. 18, 1878)-v. 23, no. 45 (Mar. 2, 1881) = whole no. 1084-whole no. 1179.</subfield></datafield><datafield ind1=" " ind2=" " tag="752"><subfield code="a">United States</subfield><subfield code="b">Indiana</subfield><subfield code="c">Putnam</subfield><subfield code="d">Greencastle.</subfield></datafield><datafield ind1="0" ind2="0" tag="780"><subfield code="t">Press (Greencastle, Ind. : 1873)</subfield><subfield code="w">(DLC)sn 84023936</subfield><subfield code="w">(OCoLC)11082786</subfield></datafield><datafield ind1="0" ind2="0" tag="785"><subfield code="t">Press (Greencastle, Ind. : 1881)</subfield><subfield code="w">(DLC)sn 87055014</subfield></datafield></record>